
    <record>
        <leader>01118 am a2200313ua 4500</leader>
        <controlfield tag="001">010077546</controlfield>
        <controlfield tag="003">UK</controlfield>
        <controlfield tag="005">20160601115100.0</controlfield>
        <controlfield tag="008">850325r19851963enk    ||     000 j|eng  </controlfield>
        <datafield tag="019" ind1="1" ind2=" ">
            <subfield code="a">0575035153</subfield>
        </datafield>
        <datafield tag="019" ind1="9" ind2=" ">
            <subfield code="a">0575035153</subfield>
        </datafield>
        <datafield tag="019" ind1="y" ind2=" ">
            <subfield code="a">b8423190</subfield>
        </datafield>
        <datafield tag="020" ind1=" " ind2=" ">
            <subfield code="a">0575035153 :</subfield>
            <subfield code="c">£8.95</subfield>
        </datafield>
        <datafield tag="039" ind1="0" ind2=" ">
            <subfield code="a">1834</subfield>
        </datafield>
        <datafield tag="082" ind1="0" ind2="4">
            <subfield code="a">823/.914</subfield>
            <subfield code="2">19</subfield>
        </datafield>
        <datafield tag="100" ind1="1" ind2=" ">
            <subfield code="a">Ballard, J. G.</subfield>
            <subfield code="d">1930-2009</subfield>
            <subfield code="1">http://viaf.org/viaf/9842556</subfield>
            <subfield code="4">http://rdaregistry.info/Elements/w/object/P10061</subfield>
        </datafield>
        <datafield tag="240" ind1="1" ind2="0">
            <subfield code="a">The four-dimensional nightmare</subfield>
            <subfield code="1">http://viaf.org/viaf/183430784</subfield>
        </datafield>
        <datafield tag="245" ind1="1" ind2="4">
            <subfield code="a">The voices of time /</subfield>
            <subfield code="c">J.G. Ballard.</subfield>
        </datafield>
        <datafield tag="260" ind1=" " ind2=" ">
            <subfield code="a">London :</subfield>
            <subfield code="b">Gollancz,</subfield>
            <subfield code="c">1985, c1963.</subfield>
        </datafield>
        <datafield tag="300" ind1=" " ind2=" ">
            <subfield code="a">197p. ;</subfield>
            <subfield code="c">22cm.</subfield>
        </datafield>
        <datafield tag="336" ind1=" " ind2=" ">
            <subfield code="a">text</subfield>
            <subfield code="2">rdacontent</subfield>
            <subfield code="0">http://rdaregistry.info/termList/RDAContentType/1020</subfield>
        </datafield>
        <datafield tag="337" ind1=" " ind2=" ">
            <subfield code="a">unmediated</subfield>
            <subfield code="2">rdamedia</subfield>
            <subfield code="0">http://rdaregistry.info/termList/RDAMediaType/1007</subfield>
        </datafield>
        <datafield tag="338" ind1=" " ind2=" ">
            <subfield code="a">volume</subfield>
            <subfield code="2">rdacarrier</subfield>
            <subfield code="0">http://rdaregistry.info/termList/RDACarrierType/1049</subfield>
        </datafield>
        <datafield tag="380" ind1=" " ind2=" ">
            <subfield code="a">Short story</subfield>
        </datafield>
        <datafield tag="500" ind1=" " ind2=" ">
            <subfield code="a">Originally published: 1963.</subfield>
        </datafield>
        <datafield tag="505" ind1="0" ind2=" ">
            <subfield code="a">The voices of time -- The sound-sweep -- The overloaded man -- Thirteen to Centaurus -- The garden of time -- The cage of sand -- The watch-tower -- Chronopolis.</subfield>
        </datafield>
        <datafield tag="700" ind1="1" ind2="2">
            <subfield code="a">Ballard, J. G.</subfield>
            <subfield code="d">1930-2009</subfield>
            <subfield code="k">Short story</subfield>
            <subfield code="t">The voices of time</subfield>
            <subfield code="1">http://viaf.org/viaf/311471559</subfield>
        </datafield>
        <datafield tag="700" ind1="1" ind2="2">
            <subfield code="a">Ballard, J. G.</subfield>
            <subfield code="d">1930-2009</subfield>
            <subfield code="k">Short story</subfield>
            <subfield code="t">The sound-sweep</subfield>
            <subfield code="1">http://www.isfdb.org/cgi-bin/title.cgi?44514</subfield>
        </datafield>
        <datafield tag="700" ind1="1" ind2="2">
            <subfield code="a">Ballard, J. G.</subfield>
            <subfield code="d">1930-2009</subfield>
            <subfield code="k">Short story</subfield>
            <subfield code="t">The overloaded man</subfield>
            <subfield code="1">http://www.isfdb.org/cgi-bin/title.cgi?57613</subfield>
        </datafield>
        <datafield tag="700" ind1="1" ind2="2">
            <subfield code="a">Ballard, J. G.</subfield>
            <subfield code="d">1930-2009</subfield>
            <subfield code="k">Short story</subfield>
            <subfield code="t">Thirteen to Centaurus</subfield>
            <subfield code="1">http://www.isfdb.org/cgi-bin/title.cgi?57628</subfield>
        </datafield>
        <datafield tag="700" ind1="1" ind2="2">
            <subfield code="a">Ballard, J. G.</subfield>
            <subfield code="d">1930-2009</subfield>
            <subfield code="k">Short story</subfield>
            <subfield code="t">The garden of time</subfield>
            <subfield code="1">http://www.isfdb.org/cgi-bin/title.cgi?44458</subfield>
        </datafield>
        <datafield tag="700" ind1="1" ind2="2">
            <subfield code="a">Ballard, J. G.</subfield>
            <subfield code="d">1930-2009</subfield>
            <subfield code="k">Short story</subfield>
            <subfield code="t">The cage of sand</subfield>
            <subfield code="1">http://www.isfdb.org/cgi-bin/title.cgi?44123</subfield>
        </datafield>
        <datafield tag="700" ind1="1" ind2="2">
            <subfield code="a">Ballard, J. G.</subfield>
            <subfield code="d">1930-2009</subfield>
            <subfield code="k">Short story</subfield>
            <subfield code="t">The watch-tower</subfield>
            <subfield code="1">http://www.isfdb.org/cgi-bin/title.cgi?57635</subfield>
        </datafield>
        <datafield tag="700" ind1="1" ind2="2">
            <subfield code="a">Ballard, J. G.</subfield>
            <subfield code="d">1930-2009</subfield>
            <subfield code="k">Short story</subfield>
            <subfield code="t">Chronopolis</subfield>
            <subfield code="1">http://www.isfdb.org/cgi-bin/title.cgi?41557</subfield>
        </datafield>
    </record>