
    <!-- Complete stories -->
        <record>
        <leader>14845cam a2201501 a 4500</leader>
        <controlfield tag="001">017103567</controlfield>
        <controlfield tag="003">UkOxU</controlfield>
        <controlfield tag="005">20111020123015.0</controlfield>
        <controlfield tag="008">090511s2009    nyuc          000 j eng  </controlfield>
        <datafield tag="010" ind1=" " ind2=" ">
            <subfield code="a">2009018456</subfield>
        </datafield>
        <datafield tag="020" ind1=" " ind2=" ">
            <subfield code="a">0393072622 (hbk.)</subfield>
        </datafield>
        <datafield tag="020" ind1=" " ind2=" ">
            <subfield code="a">9780393072624 (hbk.)</subfield>
        </datafield>
        <datafield tag="040" ind1=" " ind2=" ">
            <subfield code="a">DLC</subfield>
            <subfield code="c">DLC</subfield>
            <subfield code="d">BTCTA</subfield>
            <subfield code="d">XII</subfield>
            <subfield code="d">WIM</subfield>
            <subfield code="d">ORX</subfield>
            <subfield code="d">C#P</subfield>
            <subfield code="d">YDXCP</subfield>
            <subfield code="d">BWX</subfield>
        </datafield>
        <datafield tag="043" ind1=" " ind2=" ">
            <subfield code="a">e-uk---</subfield>
        </datafield>
        <datafield tag="050" ind1="0" ind2="0">
            <subfield code="a">PR6052.A46</subfield>
            <subfield code="b">A6 2009</subfield>
        </datafield>
        <datafield tag="082" ind1="0" ind2="0">
            <subfield code="a">823/.914</subfield>
            <subfield code="2">22</subfield>
        </datafield>
        <datafield tag="100" ind1="1" ind2=" ">
            <subfield code="a">Ballard, J. G.</subfield>
            <subfield code="d">1930-2009</subfield>
            <subfield code="1">http://viaf.org/viaf/9842556</subfield>
            <subfield code="4">http://rdaregistry.info/Elements/w/object/P10061</subfield>
        </datafield>
        <datafield tag="240" ind1="0" ind2="4">
            <subfield code="a">The complete stories of J.G. Ballard</subfield>
            <subfield code="k">Collection</subfield>
            <subfield code="1">http://viaf.org/viaf/9842556/complete</subfield>
        </datafield>
        <datafield tag="245" ind1="1" ind2="4">
            <subfield code="a">The complete stories of J.G. Ballard /</subfield>
            <subfield code="c">[J.G. Ballard ; introduction by Martin Amis].</subfield>
        </datafield>
        <datafield tag="250" ind1=" " ind2=" ">
            <subfield code="a">1st American ed.</subfield>
        </datafield>
        <datafield tag="260" ind1=" " ind2=" ">
            <subfield code="a">New York ;</subfield>
            <subfield code="a">London :</subfield>
            <subfield code="b">W.W. Norton,</subfield>
            <subfield code="c">2009.</subfield>
        </datafield>
        <datafield tag="300" ind1=" " ind2=" ">
            <subfield code="a">xv, 1199 pages :</subfield>
            <subfield code="b">portrait ;</subfield>
            <subfield code="c">25 cm.</subfield>
        </datafield>
        <datafield tag="336" ind1=" " ind2=" ">
            <subfield code="a">text</subfield>
            <subfield code="b">txt</subfield>
            <subfield code="2">rdacontent</subfield>
            <subfield code="0">http://rdaregistry.info/termList/RDAContentType/1020</subfield>
        </datafield>
        <datafield tag="337" ind1=" " ind2=" ">
            <subfield code="a">unmediated</subfield>
            <subfield code="b">n</subfield>
            <subfield code="2">rdamedia</subfield>
            <subfield code="0">http://rdaregistry.info/termList/RDAMediaType/1007</subfield>
        </datafield>
        <datafield tag="338" ind1=" " ind2=" ">
            <subfield code="a">volume</subfield>
            <subfield code="b">nc</subfield>
            <subfield code="2">rdacarrier</subfield>
            <subfield code="0">http://rdaregistry.info/termList/RDACarrierType/1049</subfield>
        </datafield>
        <datafield tag="380" ind1=" " ind2=" ">
            <subfield code="a">Short story</subfield>
        </datafield>
        <datafield tag="500" ind1=" " ind2=" ">
            <subfield code="a">Previous ed. published in Great Britain as: The complete short stories. London : Flamingo, 2001.</subfield>
        </datafield>
        <datafield tag="505" ind1="0" ind2="0">
            <subfield code="t">Introduction / by Martin Amis -- Author's introduction -- Prima belladonna -- 
                Escapement -- The concentration city -- Venus smiles -- Manhole 69 -- Track 12 -- The waiting grounds -- 
                Now : zero -- The sound-sweep -- Zone of terror -- Chronopolis -- The voices of time -- 
                The last world of Mr. Goddard -- Studio 5, the stars -- Deep end -- The overloaded man -- 
                Mr. F is Mr. F -- Billenium -- The gentle assassin -- The insane ones -- The garden of time -- 
                The thousand dreams of Stellavista -- Thirteen to Centaurus -- Passport to eternity -- The cage of sand -- 
                The watch-towers -- The singing statues -- The man on the 99th floor -- The subliminal man -- 
                The reptile enclosure -- A question of re-entry -- The time-tombs -- Now wakes the sea -- The Venus hunters -- 
                End-game -- Minus one -- The sudden afternoon -- The screen game -- Time of passage -- 
                Prisoner of the coral deep -- The lost Leonardo -- The terminal beach -- The illuminated man -- 
                The delta at sunset -- The drowned giant -- The Gioconda of the twilight noon -- The volcano dances -- 
                The beach murders -- The day of forever -- The impossible man -- Storm-bird, storm-dreamer -- 
                Tomorrow is a million years -- The assassination of John Fitzgerald Kennedy considered as a downhill motor race -- 
                Cry hope, cry fury! -- The recognition -- The cloud-sculptors of Coral D -- Why I want to fuck Ronald Reagan -- 
                The dead astronaut -- The Comsat angels -- The killing ground -- A place and a time to die -- 
                Say goodbye to the wind -- The greatest television show on earth -- My dream of flying to Wake Island -- 
                The air disaster -- Low-flying aircraft -- The life and death of God -- Notes towards a mental breakdown -- 
                The 60 minute zoom -- The smile -- The ultimate city -- The dead time -- The index -- The intensive care unit -- 
                Theatre of war -- Having a wonderful time -- One afternoon at Utah Beach -- Zodiac 2000 -- Motel architecture -- 
                A host of furious fancies -- News from the sun -- Memories of the space age -- Myths of the near future -- 
                Report on an unidentified space station -- The object of the attack -- Answers to a quesionnaire -- 
                The man who walked on the moon -- The secret history of World War 3 -- Love in a colder climate -- 
                The enormous space -- The largest theme park in the world -- War fever -- Dream cargoes -- 
                A guide to virtual death -- The message from Mars -- Report from an obscure planet -- 
                New stories for the American edition -- The secret autobiography of J.G.B. -- The dying fall.</subfield>
            
            <subfield code="t">Introduction /</subfield>
            <subfield code="r">by Martin Amis --</subfield>
            <subfield code="g">Author's introduction --</subfield>
            <subfield code="t">Prima belladonna --</subfield>
            <subfield code="t">Escapement --</subfield>
            <subfield code="t">The concentration city --</subfield>
            <subfield code="t">Venus smiles --</subfield>
            <subfield code="t">Manhole 69 --</subfield>
            <subfield code="t">Track 12 --</subfield>
            <subfield code="t">The waiting grounds --</subfield>
            <subfield code="t">Now : zero --</subfield>
            <subfield code="t">The sound-sweep --</subfield>
            <subfield code="t">Zone of terror --</subfield>
            <subfield code="t">Chronopolis --</subfield>
            <subfield code="t">The voices of time --</subfield>
            <subfield code="t">The last world of Mr. Goddard --</subfield>
            <subfield code="t">Studio 5, the stars --</subfield>
            <subfield code="t">Deep end --</subfield>
            <subfield code="t">The overloaded man --</subfield>
            <subfield code="t">Mr. F is Mr. F --</subfield>
            <subfield code="t">Billenium --</subfield>
            <subfield code="t">The gentle assassin --</subfield>
            <subfield code="t">The insane ones --</subfield>
            <subfield code="t">The garden of time --</subfield>
            <subfield code="t">The thousand dreams of Stellavista --</subfield>
            <subfield code="t">Thirteen to Centaurus --</subfield>
            <subfield code="t">Passport to eternity --</subfield>
            <subfield code="t">The cage of sand --</subfield>
            <subfield code="t">The watch-towers --</subfield>
            <subfield code="t">The singing statues --</subfield>
            <subfield code="t">The man on the 99th floor --</subfield>
            <subfield code="t">The subliminal man --</subfield>
            <subfield code="t">The reptile enclosure --</subfield>
            <subfield code="t">A question of re-entry --</subfield>
            <subfield code="t">The time-tombs --</subfield>
            <subfield code="t">Now wakes the sea --</subfield>
            <subfield code="t">The Venus hunters --</subfield>
            <subfield code="t">End-game --</subfield>
            <subfield code="t">Minus one --</subfield>
            <subfield code="t">The sudden afternoon --</subfield>
            <subfield code="t">The screen game --</subfield>
            <subfield code="t">Time of passage --</subfield>
            <subfield code="t">Prisoner of the coral deep --</subfield>
            <subfield code="t">The lost Leonardo --</subfield>
            <subfield code="t">The terminal beach --</subfield>
            <subfield code="t">The illuminated man --</subfield>
            <subfield code="t">The delta at sunset --</subfield>
            <subfield code="t">The drowned giant --</subfield>
            <subfield code="t">The Gioconda of the twilight noon --</subfield>
            <subfield code="t">The volcano dances --</subfield>
            <subfield code="t">The beach murders --</subfield>
            <subfield code="t">The day of forever --</subfield>
            <subfield code="t">The impossible man --</subfield>
            <subfield code="t">Storm-bird, storm-dreamer --</subfield>
            <subfield code="t">Tomorrow is a million years --</subfield>
            <subfield code="t">The assassination of John Fitzgerald Kennedy considered as a downhill motor race --</subfield>
            <subfield code="t">Cry hope, cry fury! --</subfield>
            <subfield code="t">The recognition --</subfield>
            <subfield code="t">The cloud-sculptors of Coral D --</subfield>
            <subfield code="t">Why I want to fuck Ronald Reagan --</subfield>
            <subfield code="t">The dead astronaut --</subfield>
            <subfield code="t">The Comsat angels --</subfield>
            <subfield code="t">The killing ground --</subfield>
            <subfield code="t">A place and a time to die --</subfield>
            <subfield code="t">Say goodbye to the wind --</subfield>
            <subfield code="t">The greatest television show on earth --</subfield>
            <subfield code="t">My dream of flying to Wake Island --</subfield>
            <subfield code="t">The air disaster --</subfield>
            <subfield code="t">Low-flying aircraft --</subfield>
            <subfield code="t">The life and death of God --</subfield>
            <subfield code="t">Notes towards a mental breakdown --</subfield>
            <subfield code="t">The 60 minute zoom --</subfield>
            <subfield code="t">The smile --</subfield>
            <subfield code="t">The ultimate city --</subfield>
            <subfield code="t">The dead time --</subfield>
            <subfield code="t">The index --</subfield>
            <subfield code="t">The intensive care unit --</subfield>
            <subfield code="t">Theatre of war --</subfield>
            <subfield code="t">Having a wonderful time --</subfield>
            <subfield code="t">One afternoon at Utah Beach --</subfield>
            <subfield code="t">Zodiac 2000 --</subfield>
            <subfield code="t">Motel architecture --</subfield>
            <subfield code="t">A host of furious fancies --</subfield>
            <subfield code="t">News from the sun --</subfield>
            <subfield code="t">Memories of the space age --</subfield>
            <subfield code="t">Myths of the near future --</subfield>
            <subfield code="t">Report on an unidentified space station --</subfield>
            <subfield code="t">The object of the attack --</subfield>
            <subfield code="t">Answers to a quesionnaire --</subfield>
            <subfield code="t">The man who walked on the moon --</subfield>
            <subfield code="t">The secret history of World War 3 --</subfield>
            <subfield code="t">Love in a colder climate --</subfield>
            <subfield code="t">The enormous space --</subfield>
            <subfield code="t">The largest theme park in the world --</subfield>
            <subfield code="t">War fever --</subfield>
            <subfield code="t">Dream cargoes --</subfield>
            <subfield code="t">A guide to virtual death --</subfield>
            <subfield code="t">The message from Mars --</subfield>
            <subfield code="t">Report from an obscure planet --</subfield>
            <subfield code="t">New stories for the American edition --</subfield>
            <subfield code="t">The secret autobiography of J.G.B. --</subfield>
            <subfield code="t">The dying fall.</subfield>
        </datafield>
        <datafield tag="651" ind1=" " ind2="0">
            <subfield code="a">Great Britain</subfield>
            <subfield code="x">Social life and customs</subfield>
            <subfield code="y">20th century</subfield>
            <subfield code="v">Fiction.</subfield>
        </datafield>
        <datafield tag="700" ind1="0" ind2=" ">
            <subfield code="a">Martin Amis</subfield>
            <subfield code="4">aui</subfield>
        </datafield>
        <datafield tag="700" ind1=" " ind2="1">
            <subfield code="a">Ballard, J. G.</subfield>
            <subfield code="d">1930-2009</subfield>
            <subfield code="4">aui</subfield>
            <subfield code="1">http://viaf.org/viaf/9842556</subfield>
        </datafield>
        <datafield tag="700" ind1=" " ind2="2">
            <subfield code="a">Ballard, J. G.</subfield>
            <subfield code="d">1930-2009</subfield>
            <subfield code="k">Short story</subfield>
            <subfield code="t">A guide to virtual death</subfield>
            <subfield code="1">http://www.isfdb.org/cgi-bin/title.cgi?46817</subfield>
        </datafield>
        <datafield tag="700" ind1=" " ind2="2">
            <subfield code="a">Ballard, J. G.</subfield>
            <subfield code="d">1930-2009</subfield>
            <subfield code="k">Short story</subfield>
            <subfield code="t">A host of furious fancies</subfield>
            <subfield code="1">http://www.isfdb.org/cgi-bin/title.cgi?57591</subfield>
        </datafield>
        <datafield tag="700" ind1=" " ind2="2">
            <subfield code="a">Ballard, J. G.</subfield>
            <subfield code="d">1930-2009</subfield>
            <subfield code="k">Short story</subfield>
            <subfield code="t">A place and a time to die</subfield>
            <subfield code="1">http://www.isfdb.org/cgi-bin/title.cgi?57615</subfield>
        </datafield>
        <datafield tag="700" ind1=" " ind2="2">
            <subfield code="a">Ballard, J. G.</subfield>
            <subfield code="d">1930-2009</subfield>
            <subfield code="k">Short story</subfield>
            <subfield code="t">A question of re-entry</subfield>
            <subfield code="1">http://www.isfdb.org/cgi-bin/title.cgi?44460</subfield>
        </datafield>
        <datafield tag="700" ind1=" " ind2="2">
            <subfield code="a">Ballard, J. G.</subfield>
            <subfield code="d">1930-2009</subfield>
            <subfield code="k">Short story</subfield>
            <subfield code="t">Answers to a quesionnaire</subfield>
            <subfield code="1">http://www.isfdb.org/cgi-bin/title.cgi?57577</subfield>
        </datafield>
        <datafield tag="700" ind1=" " ind2="2">
            <subfield code="a">Ballard, J. G.</subfield>
            <subfield code="d">1930-2009</subfield>
            <subfield code="k">Short story</subfield>
            <subfield code="t">Billenium</subfield>
            <subfield code="1">http://www.isfdb.org/cgi-bin/title.cgi?65075</subfield>
        </datafield>
        <datafield tag="700" ind1=" " ind2="2">
            <subfield code="a">Ballard, J. G.</subfield>
            <subfield code="d">1930-2009</subfield>
            <subfield code="k">Short story</subfield>
            <subfield code="t">Chronopolis</subfield>
            <subfield code="1">http://www.isfdb.org/cgi-bin/title.cgi?41557</subfield>
        </datafield>
        <datafield tag="700" ind1=" " ind2="2">
            <subfield code="a">Ballard, J. G.</subfield>
            <subfield code="d">1930-2009</subfield>
            <subfield code="k">Short story</subfield>
            <subfield code="t">Cry hope, cry fury!</subfield>
            <subfield code="1">http://www.isfdb.org/cgi-bin/title.cgi?53869</subfield>
        </datafield>
        <datafield tag="700" ind1=" " ind2="2">
            <subfield code="a">Ballard, J. G.</subfield>
            <subfield code="d">1930-2009</subfield>
            <subfield code="k">Short story</subfield>
            <subfield code="t">Deep end</subfield>
            <subfield code="1">http://www.isfdb.org/cgi-bin/title.cgi?44457</subfield>
        </datafield>
        <datafield tag="700" ind1=" " ind2="2">
            <subfield code="a">Ballard, J. G.</subfield>
            <subfield code="d">1930-2009</subfield>
            <subfield code="k">Short story</subfield>
            <subfield code="t">Dream cargoes</subfield>
            <subfield code="1">http://www.isfdb.org/cgi-bin/title.cgi?57585</subfield>
        </datafield>
        <datafield tag="700" ind1=" " ind2="2">
            <subfield code="a">Ballard, J. G.</subfield>
            <subfield code="d">1930-2009</subfield>
            <subfield code="k">Short story</subfield>
            <subfield code="t">End-game</subfield>
            <subfield code="1">http://www.isfdb.org/cgi-bin/title.cgi?57586</subfield>
        </datafield>
        <datafield tag="700" ind1=" " ind2="2">
            <subfield code="a">Ballard, J. G.</subfield>
            <subfield code="d">1930-2009</subfield>
            <subfield code="k">Short story</subfield>
            <subfield code="t">Escapement</subfield>
            <subfield code="1">http://www.isfdb.org/cgi-bin/title.cgi?44449</subfield>
        </datafield>
        <datafield tag="700" ind1=" " ind2="2">
            <subfield code="a">Ballard, J. G.</subfield>
            <subfield code="d">1930-2009</subfield>
            <subfield code="k">Short story</subfield>
            <subfield code="t">Having a wonderful time</subfield>
            <subfield code="1">http://www.isfdb.org/cgi-bin/title.cgi?57590</subfield>
        </datafield>
        <datafield tag="700" ind1=" " ind2="2">
            <subfield code="a">Ballard, J. G.</subfield>
            <subfield code="d">1930-2009</subfield>
            <subfield code="k">Short story</subfield>
            <subfield code="t">Love in a colder climate</subfield>
            <subfield code="1">http://www.isfdb.org/cgi-bin/title.cgi?57601</subfield>
        </datafield>
        <datafield tag="700" ind1=" " ind2="2">
            <subfield code="a">Ballard, J. G.</subfield>
            <subfield code="d">1930-2009</subfield>
            <subfield code="k">Short story</subfield>
            <subfield code="t">Low-flying aircraft</subfield>
            <subfield code="1">http://www.isfdb.org/cgi-bin/title.cgi?57602</subfield>
        </datafield>
        <datafield tag="700" ind1=" " ind2="2">
            <subfield code="a">Ballard, J. G.</subfield>
            <subfield code="d">1930-2009</subfield>
            <subfield code="k">Short story</subfield>
            <subfield code="t">Manhole 69</subfield>
            <subfield code="1">http://www.isfdb.org/cgi-bin/title.cgi?44454</subfield>
        </datafield>
        <datafield tag="700" ind1=" " ind2="2">
            <subfield code="a">Ballard, J. G.</subfield>
            <subfield code="d">1930-2009</subfield>
            <subfield code="k">Short story</subfield>
            <subfield code="t">Memories of the space age</subfield>
            <subfield code="1">http://www.isfdb.org/cgi-bin/title.cgi?45330</subfield>
        </datafield>
        <datafield tag="700" ind1=" " ind2="2">
            <subfield code="a">Ballard, J. G.</subfield>
            <subfield code="d">1930-2009</subfield>
            <subfield code="k">Short story</subfield>
            <subfield code="t">Minus one</subfield>
            <subfield code="1">http://www.isfdb.org/cgi-bin/title.cgi?57604</subfield>
        </datafield>
        <datafield tag="700" ind1=" " ind2="2">
            <subfield code="a">Ballard, J. G.</subfield>
            <subfield code="d">1930-2009</subfield>
            <subfield code="k">Short story</subfield>
            <subfield code="t">Motel architecture</subfield>
            <subfield code="1">http://www.isfdb.org/cgi-bin/title.cgi?57605</subfield>
        </datafield>
        <datafield tag="700" ind1=" " ind2="2">
            <subfield code="a">Ballard, J. G.</subfield>
            <subfield code="d">1930-2009</subfield>
            <subfield code="k">Short story</subfield>
            <subfield code="t">Mr. F is Mr. F</subfield>
            <subfield code="1">http://www.isfdb.org/cgi-bin/title.cgi?57606</subfield>
        </datafield>
        <datafield tag="700" ind1=" " ind2="2">
            <subfield code="a">Ballard, J. G.</subfield>
            <subfield code="d">1930-2009</subfield>
            <subfield code="k">Short story</subfield>
            <subfield code="t">My dream of flying to Wake Island</subfield>
            <subfield code="1">http://www.isfdb.org/cgi-bin/title.cgi?57607</subfield>
        </datafield>
        <datafield tag="700" ind1=" " ind2="2">
            <subfield code="a">Ballard, J. G.</subfield>
            <subfield code="d">1930-2009</subfield>
            <subfield code="k">Short story</subfield>
            <subfield code="t">Myths of the near future</subfield>
            <subfield code="1">http://www.isfdb.org/cgi-bin/title.cgi?49122</subfield>
        </datafield>
        <datafield tag="700" ind1=" " ind2="2">
            <subfield code="a">Ballard, J. G.</subfield>
            <subfield code="d">1930-2009</subfield>
            <subfield code="k">Short story</subfield>
            <subfield code="t">News from the sun</subfield>
            <subfield code="1">http://www.isfdb.org/cgi-bin/title.cgi?57608</subfield>
        </datafield>
        <datafield tag="700" ind1=" " ind2="2">
            <subfield code="a">Ballard, J. G.</subfield>
            <subfield code="d">1930-2009</subfield>
            <subfield code="k">Short story</subfield>
            <subfield code="t">Notes towards a mental breakdown</subfield>
            <subfield code="1">http://www.isfdb.org/cgi-bin/title.cgi?57609</subfield>
            <subfield code="1">http://www.isfdb.org/cgi-bin/title.cgi?1042004</subfield>
        </datafield>
        <datafield tag="700" ind1=" " ind2="2">
            <subfield code="a">Ballard, J. G.</subfield>
            <subfield code="d">1930-2009</subfield>
            <subfield code="k">Short story</subfield>
            <subfield code="t">Now : zero</subfield>
            <subfield code="1">http://www.isfdb.org/cgi-bin/title.cgi?57611</subfield>
        </datafield>
        <datafield tag="700" ind1=" " ind2="2">
            <subfield code="a">Ballard, J. G.</subfield>
            <subfield code="d">1930-2009</subfield>
            <subfield code="k">Short story</subfield>
            <subfield code="t">Now wakes the sea</subfield>
            <subfield code="1">http://www.isfdb.org/cgi-bin/title.cgi?57610</subfield>
        </datafield>
        <datafield tag="700" ind1=" " ind2="2">
            <subfield code="a">Ballard, J. G.</subfield>
            <subfield code="d">1930-2009</subfield>
            <subfield code="k">Short story</subfield>
            <subfield code="t">One afternoon at Utah Beach</subfield>
            <subfield code="1">http://www.isfdb.org/cgi-bin/title.cgi?57612</subfield>
        </datafield>
        <datafield tag="700" ind1=" " ind2="2">
            <subfield code="a">Ballard, J. G.</subfield>
            <subfield code="d">1930-2009</subfield>
            <subfield code="k">Short story</subfield>
            <subfield code="t">Passport to eternity</subfield>
            <subfield code="1">http://www.isfdb.org/cgi-bin/title.cgi?57614</subfield>
        </datafield>
        <datafield tag="700" ind1=" " ind2="2">
            <subfield code="a">Ballard, J. G.</subfield>
            <subfield code="d">1930-2009</subfield>
            <subfield code="k">Short story</subfield>
            <subfield code="t">Prima belladonna</subfield>
            <subfield code="1">http://www.isfdb.org/cgi-bin/title.cgi?44450</subfield>
        </datafield>
        <datafield tag="700" ind1=" " ind2="2">
            <subfield code="a">Ballard, J. G.</subfield>
            <subfield code="d">1930-2009</subfield>
            <subfield code="k">Short story</subfield>
            <subfield code="t">Prisoner of the coral deep</subfield>
            <subfield code="1">http://www.isfdb.org/cgi-bin/title.cgi?57617</subfield>
        </datafield>
        <datafield tag="700" ind1=" " ind2="2">
            <subfield code="a">Ballard, J. G.</subfield>
            <subfield code="d">1930-2009</subfield>
            <subfield code="k">Short story</subfield>
            <subfield code="t">Report from an obscure planet</subfield>
            <subfield code="1">http://www.isfdb.org/cgi-bin/title.cgi?1042032</subfield>
        </datafield>
        <datafield tag="700" ind1=" " ind2="2">
            <subfield code="a">Ballard, J. G.</subfield>
            <subfield code="d">1930-2009</subfield>
            <subfield code="k">Short story</subfield>
            <subfield code="t">Report on an unidentified space station</subfield>
            <subfield code="1">http://www.isfdb.org/cgi-bin/title.cgi?57618</subfield>
        </datafield>
        <datafield tag="700" ind1=" " ind2="2">
            <subfield code="a">Ballard, J. G.</subfield>
            <subfield code="d">1930-2009</subfield>
            <subfield code="k">Short story</subfield>
            <subfield code="t">Say goodbye to the wind</subfield>
            <subfield code="1">http://www.isfdb.org/cgi-bin/title.cgi?57621</subfield>
        </datafield>
        <datafield tag="700" ind1=" " ind2="2">
            <subfield code="a">Ballard, J. G.</subfield>
            <subfield code="d">1930-2009</subfield>
            <subfield code="k">Short story</subfield>
            <subfield code="t">Storm-bird, storm-dreamer</subfield>
            <subfield code="1">http://www.isfdb.org/cgi-bin/title.cgi?57625</subfield>
        </datafield>
        <datafield tag="700" ind1=" " ind2="2">
            <subfield code="a">Ballard, J. G.</subfield>
            <subfield code="d">1930-2009</subfield>
            <subfield code="k">Short story</subfield>
            <subfield code="t">Studio 5, the stars</subfield>
            <subfield code="1">http://www.isfdb.org/cgi-bin/title.cgi?44456</subfield>
        </datafield>
        <datafield tag="700" ind1=" " ind2="2">
            <subfield code="a">Ballard, J. G.</subfield>
            <subfield code="d">1930-2009</subfield>
            <subfield code="k">Short story</subfield>
            <subfield code="t">The 60 minute zoom</subfield>
            <subfield code="1">http://www.isfdb.org/cgi-bin/title.cgi?57575</subfield>
        </datafield>
        <datafield tag="700" ind1=" " ind2="2">
            <subfield code="a">Ballard, J. G.</subfield>
            <subfield code="d">1930-2009</subfield>
            <subfield code="k">Short story</subfield>
            <subfield code="t">The air disaster</subfield>
            <subfield code="1">http://www.isfdb.org/cgi-bin/title.cgi?44463</subfield>
        </datafield>
        <datafield tag="700" ind1=" " ind2="2">
            <subfield code="a">Ballard, J. G.</subfield>
            <subfield code="d">1930-2009</subfield>
            <subfield code="k">Short story</subfield>
            <subfield code="t">The assassination of John Fitzgerald Kennedy considered as a downhill motor race</subfield>
            <subfield code="1">http://www.isfdb.org/cgi-bin/title.cgi?57579</subfield>
        </datafield>
        <datafield tag="700" ind1=" " ind2="2">
            <subfield code="a">Ballard, J. G.</subfield>
            <subfield code="d">1930-2009</subfield>
            <subfield code="k">Short story</subfield>
            <subfield code="t">The beach murders</subfield>
            <subfield code="1">http://www.isfdb.org/cgi-bin/title.cgi?57581</subfield>
        </datafield>
        <datafield tag="700" ind1=" " ind2="2">
            <subfield code="a">Ballard, J. G.</subfield>
            <subfield code="d">1930-2009</subfield>
            <subfield code="k">Short story</subfield>
            <subfield code="t">The cage of sand</subfield>
            <subfield code="1">http://www.isfdb.org/cgi-bin/title.cgi?44123</subfield>
        </datafield>
        <datafield tag="700" ind1=" " ind2="2">
            <subfield code="a">Ballard, J. G.</subfield>
            <subfield code="d">1930-2009</subfield>
            <subfield code="k">Short story</subfield>
            <subfield code="t">The cloud-sculptors of Coral D</subfield>
            <subfield code="1">http://www.isfdb.org/cgi-bin/title.cgi?54044</subfield>
        </datafield>
        <datafield tag="700" ind1=" " ind2="2">
            <subfield code="a">Ballard, J. G.</subfield>
            <subfield code="d">1930-2009</subfield>
            <subfield code="k">Short story</subfield>
            <subfield code="t">The Comsat angels</subfield>
            <subfield code="1">http://www.isfdb.org/cgi-bin/title.cgi?54304</subfield>
        </datafield>
        <datafield tag="700" ind1=" " ind2="2">
            <subfield code="a">Ballard, J. G.</subfield>
            <subfield code="d">1930-2009</subfield>
            <subfield code="k">Short story</subfield>
            <subfield code="t">The concentration city</subfield>
            <subfield code="1">http://www.isfdb.org/cgi-bin/title.cgi?44451</subfield>
        </datafield>
        <datafield tag="700" ind1=" " ind2="2">
            <subfield code="a">Ballard, J. G.</subfield>
            <subfield code="d">1930-2009</subfield>
            <subfield code="k">Short story</subfield>
            <subfield code="t">The day of forever</subfield>
            <subfield code="1">http://www.isfdb.org/cgi-bin/title.cgi?57582</subfield>
        </datafield>
        <datafield tag="700" ind1=" " ind2="2">
            <subfield code="a">Ballard, J. G.</subfield>
            <subfield code="d">1930-2009</subfield>
            <subfield code="k">Short story</subfield>
            <subfield code="t">The dead astronaut</subfield>
            <subfield code="1">http://www.isfdb.org/cgi-bin/title.cgi?57583</subfield>
        </datafield>
        <datafield tag="700" ind1=" " ind2="2">
            <subfield code="a">Ballard, J. G.</subfield>
            <subfield code="d">1930-2009</subfield>
            <subfield code="k">Short story</subfield>
            <subfield code="t">The dead time</subfield>
            <subfield code="1">http://www.isfdb.org/cgi-bin/title.cgi?44465</subfield>
        </datafield>
        <datafield tag="700" ind1=" " ind2="2">
            <subfield code="a">Ballard, J. G.</subfield>
            <subfield code="d">1930-2009</subfield>
            <subfield code="k">Short story</subfield>
            <subfield code="t">The delta at sunset</subfield>
            <subfield code="1">http://www.isfdb.org/cgi-bin/title.cgi?57584</subfield>
        </datafield>
        <datafield tag="700" ind1=" " ind2="2">
            <subfield code="a">Ballard, J. G.</subfield>
            <subfield code="d">1930-2009</subfield>
            <subfield code="k">Short story</subfield>
            <subfield code="t">The drowned giant</subfield>
            <subfield code="1">http://www.isfdb.org/cgi-bin/title.cgi?43949</subfield>
        </datafield>
        <datafield tag="700" ind1=" " ind2="2">
            <subfield code="a">Ballard, J. G.</subfield>
            <subfield code="d">1930-2009</subfield>
            <subfield code="k">Short story</subfield>
            <subfield code="t">The dying fall</subfield>
            <subfield code="1">http://www.isfdb.org/cgi-bin/title.cgi?47004</subfield>
        </datafield>
        <datafield tag="700" ind1=" " ind2="2">
            <subfield code="a">Ballard, J. G.</subfield>
            <subfield code="d">1930-2009</subfield>
            <subfield code="k">Short story</subfield>
            <subfield code="t">The enormous space</subfield>
            <subfield code="1">http://www.isfdb.org/cgi-bin/title.cgi?46600</subfield>
        </datafield>
        <datafield tag="700" ind1=" " ind2="2">
            <subfield code="a">Ballard, J. G.</subfield>
            <subfield code="d">1930-2009</subfield>
            <subfield code="k">Short story</subfield>
            <subfield code="t">The garden of time</subfield>
            <subfield code="1">http://www.isfdb.org/cgi-bin/title.cgi?44458</subfield>
        </datafield>
        <datafield tag="700" ind1=" " ind2="2">
            <subfield code="a">Ballard, J. G.</subfield>
            <subfield code="d">1930-2009</subfield>
            <subfield code="k">Short story</subfield>
            <subfield code="t">The gentle assassin</subfield>
            <subfield code="1">http://www.isfdb.org/cgi-bin/title.cgi?57587</subfield>
        </datafield>
        <datafield tag="700" ind1=" " ind2="2">
            <subfield code="a">Ballard, J. G.</subfield>
            <subfield code="d">1930-2009</subfield>
            <subfield code="k">Short story</subfield>
            <subfield code="t">The Gioconda of the twilight noon</subfield>
            <subfield code="1">http://www.isfdb.org/cgi-bin/title.cgi?57588</subfield>
        </datafield>
        <datafield tag="700" ind1=" " ind2="2">
            <subfield code="a">Ballard, J. G.</subfield>
            <subfield code="d">1930-2009</subfield>
            <subfield code="k">Short story</subfield>
            <subfield code="t">The greatest television show on earth</subfield>
            <subfield code="1">http://www.isfdb.org/cgi-bin/title.cgi?57589</subfield>
        </datafield>
        <datafield tag="700" ind1=" " ind2="2">
            <subfield code="a">Ballard, J. G.</subfield>
            <subfield code="d">1930-2009</subfield>
            <subfield code="k">Short story</subfield>
            <subfield code="t">The illuminated man</subfield>
            <subfield code="1">http://www.isfdb.org/cgi-bin/title.cgi?57592</subfield>
        </datafield>
        <datafield tag="700" ind1=" " ind2="2">
            <subfield code="a">Ballard, J. G.</subfield>
            <subfield code="d">1930-2009</subfield>
            <subfield code="k">Short story</subfield>
            <subfield code="t">The impossible man</subfield>
            <subfield code="1">http://www.isfdb.org/cgi-bin/title.cgi?57593</subfield>
        </datafield>
        <datafield tag="700" ind1=" " ind2="2">
            <subfield code="a">Ballard, J. G.</subfield>
            <subfield code="d">1930-2009</subfield>
            <subfield code="k">Short story</subfield>
            <subfield code="t">The index</subfield>
            <subfield code="1">http://www.isfdb.org/cgi-bin/title.cgi?57594</subfield>
        </datafield>
        <datafield tag="700" ind1=" " ind2="2">
            <subfield code="a">Ballard, J. G.</subfield>
            <subfield code="d">1930-2009</subfield>
            <subfield code="k">Short story</subfield>
            <subfield code="t">The insane ones</subfield>
            <subfield code="1">http://www.isfdb.org/cgi-bin/title.cgi?41280</subfield>
        </datafield>
        <datafield tag="700" ind1=" " ind2="2">
            <subfield code="a">Ballard, J. G.</subfield>
            <subfield code="d">1930-2009</subfield>
            <subfield code="k">Short story</subfield>
            <subfield code="t">The intensive care unit</subfield>
            <subfield code="1">http://www.isfdb.org/cgi-bin/title.cgi?57595</subfield>
        </datafield>
        <datafield tag="700" ind1=" " ind2="2">
            <subfield code="a">Ballard, J. G.</subfield>
            <subfield code="d">1930-2009</subfield>
            <subfield code="k">Short story</subfield>
            <subfield code="t">The killing ground</subfield>
            <subfield code="1">http://www.isfdb.org/cgi-bin/title.cgi?57596</subfield>
        </datafield>
        <datafield tag="700" ind1=" " ind2="2">
            <subfield code="a">Ballard, J. G.</subfield>
            <subfield code="d">1930-2009</subfield>
            <subfield code="k">Short story</subfield>
            <subfield code="t">The largest theme park in the world</subfield>
            <subfield code="1">http://www.isfdb.org/cgi-bin/title.cgi?57597</subfield>
        </datafield>
        <datafield tag="700" ind1=" " ind2="2">
            <subfield code="a">Ballard, J. G.</subfield>
            <subfield code="d">1930-2009</subfield>
            <subfield code="k">Short story</subfield>
            <subfield code="t">The last world of Mr. Goddard</subfield>
            <subfield code="1">http://www.isfdb.org/cgi-bin/title.cgi?57598</subfield>
        </datafield>
        <datafield tag="700" ind1=" " ind2="2">
            <subfield code="a">Ballard, J. G.</subfield>
            <subfield code="d">1930-2009</subfield>
            <subfield code="k">Short story</subfield>
            <subfield code="t">The life and death of God</subfield>
            <subfield code="1">http://www.isfdb.org/cgi-bin/title.cgi?57599</subfield>
        </datafield>
        <datafield tag="700" ind1=" " ind2="2">
            <subfield code="a">Ballard, J. G.</subfield>
            <subfield code="d">1930-2009</subfield>
            <subfield code="k">Short story</subfield>
            <subfield code="t">The lost Leonardo</subfield>
            <subfield code="1">http://www.isfdb.org/cgi-bin/title.cgi?57600</subfield>
        </datafield>
        <datafield tag="700" ind1=" " ind2="2">
            <subfield code="a">Ballard, J. G.</subfield>
            <subfield code="d">1930-2009</subfield>
            <subfield code="k">Short story</subfield>
            <subfield code="t">The man on the 99th floor</subfield>
            <subfield code="1">http://www.isfdb.org/cgi-bin/title.cgi?57603</subfield>
        </datafield>
        <datafield tag="700" ind1=" " ind2="2">
            <subfield code="a">Ballard, J. G.</subfield>
            <subfield code="d">1930-2009</subfield>
            <subfield code="k">Short story</subfield>
            <subfield code="t">The man who walked on the moon</subfield>
            <subfield code="1">http://www.isfdb.org/cgi-bin/title.cgi?46455</subfield>
        </datafield>
        <datafield tag="700" ind1=" " ind2="2">
            <subfield code="a">Ballard, J. G.</subfield>
            <subfield code="d">1930-2009</subfield>
            <subfield code="k">Short story</subfield>
            <subfield code="t">The message from Mars</subfield>
            <subfield code="1">http://www.isfdb.org/cgi-bin/title.cgi?46818</subfield>
        </datafield>
        <datafield tag="700" ind1=" " ind2="2">
            <subfield code="a">Ballard, J. G.</subfield>
            <subfield code="d">1930-2009</subfield>
            <subfield code="k">Short story</subfield>
            <subfield code="t">The object of the attack</subfield>
            <subfield code="1">http://www.isfdb.org/cgi-bin/title.cgi?45331</subfield>
        </datafield>
        <datafield tag="700" ind1=" " ind2="2">
            <subfield code="a">Ballard, J. G.</subfield>
            <subfield code="d">1930-2009</subfield>
            <subfield code="k">Short story</subfield>
            <subfield code="t">The overloaded man</subfield>
            <subfield code="1">http://www.isfdb.org/cgi-bin/title.cgi?57613</subfield>
        </datafield>
        <datafield tag="700" ind1=" " ind2="2">
            <subfield code="a">Ballard, J. G.</subfield>
            <subfield code="d">1930-2009</subfield>
            <subfield code="k">Short story</subfield>
            <subfield code="t">The recognition</subfield>
            <subfield code="1">http://www.isfdb.org/cgi-bin/title.cgi?42206</subfield>
        </datafield>
        <datafield tag="700" ind1=" " ind2="2">
            <subfield code="a">Ballard, J. G.</subfield>
            <subfield code="d">1930-2009</subfield>
            <subfield code="k">Short story</subfield>
            <subfield code="t">The reptile enclosure</subfield>
            <subfield code="1">http://www.isfdb.org/cgi-bin/title.cgi?57619</subfield>
        </datafield>
        <datafield tag="700" ind1=" " ind2="2">
            <subfield code="a">Ballard, J. G.</subfield>
            <subfield code="d">1930-2009</subfield>
            <subfield code="k">Short story</subfield>
            <subfield code="t">The screen game</subfield>
            <subfield code="1">http://www.isfdb.org/cgi-bin/title.cgi?57622</subfield>
        </datafield>
        <datafield tag="700" ind1=" " ind2="2">
            <subfield code="a">Ballard, J. G.</subfield>
            <subfield code="d">1930-2009</subfield>
            <subfield code="k">Short story</subfield>
            <subfield code="t">The secret autobiography of J.G.B.</subfield>
            <subfield code="1">http://www.isfdb.org/cgi-bin/title.cgi?47005</subfield>
        </datafield>
        <datafield tag="700" ind1=" " ind2="2">
            <subfield code="a">Ballard, J. G.</subfield>
            <subfield code="d">1930-2009</subfield>
            <subfield code="k">Short story</subfield>
            <subfield code="t">The secret history of World War 3</subfield>
            <subfield code="1">http://www.isfdb.org/cgi-bin/title.cgi?57623</subfield>
        </datafield>
        <datafield tag="700" ind1=" " ind2="2">
            <subfield code="a">Ballard, J. G.</subfield>
            <subfield code="d">1930-2009</subfield>
            <subfield code="k">Short story</subfield>
            <subfield code="t">The singing statues</subfield>
            <subfield code="1">http://www.isfdb.org/cgi-bin/title.cgi?57624</subfield>
        </datafield>
        <datafield tag="700" ind1=" " ind2="2">
            <subfield code="a">Ballard, J. G.</subfield>
            <subfield code="d">1930-2009</subfield>
            <subfield code="k">Short story</subfield>
            <subfield code="t">The smile</subfield>
            <subfield code="1">http://www.isfdb.org/cgi-bin/title.cgi?44464</subfield>
        </datafield>
        <datafield tag="700" ind1=" " ind2="2">
            <subfield code="a">Ballard, J. G.</subfield>
            <subfield code="d">1930-2009</subfield>
            <subfield code="k">Short story</subfield>
            <subfield code="t">The sound-sweep</subfield>
            <subfield code="1">http://www.isfdb.org/cgi-bin/title.cgi?44514</subfield>
        </datafield>
        <datafield tag="700" ind1=" " ind2="2">
            <subfield code="a">Ballard, J. G.</subfield>
            <subfield code="d">1930-2009</subfield>
            <subfield code="k">Short story</subfield>
            <subfield code="t">The subliminal man</subfield>
            <subfield code="1">http://www.isfdb.org/cgi-bin/title.cgi?44459</subfield>
        </datafield>
        <datafield tag="700" ind1=" " ind2="2">
            <subfield code="a">Ballard, J. G.</subfield>
            <subfield code="d">1930-2009</subfield>
            <subfield code="k">Short story</subfield>
            <subfield code="t">The sudden afternoon</subfield>
            <subfield code="1">http://www.isfdb.org/cgi-bin/title.cgi?57626</subfield>
        </datafield>
        <datafield tag="700" ind1=" " ind2="2">
            <subfield code="a">Ballard, J. G.</subfield>
            <subfield code="d">1930-2009</subfield>
            <subfield code="k">Short story</subfield>
            <subfield code="t">The terminal beach</subfield>
            <subfield code="1">http://www.isfdb.org/cgi-bin/title.cgi?37126</subfield>
        </datafield>
        <datafield tag="700" ind1=" " ind2="2">
            <subfield code="a">Ballard, J. G.</subfield>
            <subfield code="d">1930-2009</subfield>
            <subfield code="k">Short story</subfield>
            <subfield code="t">The thousand dreams of Stellavista</subfield>
            <subfield code="1">http://www.isfdb.org/cgi-bin/title.cgi?57629</subfield>
        </datafield>
        <datafield tag="700" ind1=" " ind2="2">
            <subfield code="a">Ballard, J. G.</subfield>
            <subfield code="d">1930-2009</subfield>
            <subfield code="k">Short story</subfield>
            <subfield code="t">The time-tombs</subfield>
            <subfield code="1">http://www.isfdb.org/cgi-bin/title.cgi?44461</subfield>
        </datafield>
        <datafield tag="700" ind1=" " ind2="2">
            <subfield code="a">Ballard, J. G.</subfield>
            <subfield code="d">1930-2009</subfield>
            <subfield code="k">Short story</subfield>
            <subfield code="t">The ultimate city</subfield>
            <subfield code="1">http://www.isfdb.org/cgi-bin/title.cgi?44466</subfield>
        </datafield>
        <datafield tag="700" ind1=" " ind2="2">
            <subfield code="a">Ballard, J. G.</subfield>
            <subfield code="d">1930-2009</subfield>
            <subfield code="k">Short story</subfield>
            <subfield code="t">The Venus hunters</subfield>
            <subfield code="1">http://www.isfdb.org/cgi-bin/title.cgi?57633</subfield>
        </datafield>
        <datafield tag="700" ind1=" " ind2="2">
            <subfield code="a">Ballard, J. G.</subfield>
            <subfield code="d">1930-2009</subfield>
            <subfield code="k">Short story</subfield>
            <subfield code="t">The voices of time</subfield>
            <subfield code="1">http://www.isfdb.org/cgi-bin/title.cgi?40816</subfield>
        </datafield>
        <datafield tag="700" ind1=" " ind2="2">
            <subfield code="a">Ballard, J. G.</subfield>
            <subfield code="d">1930-2009</subfield>
            <subfield code="k">Short story</subfield>
            <subfield code="t">The volcano dances</subfield>
            <subfield code="1">http://www.isfdb.org/cgi-bin/title.cgi?43928</subfield>
        </datafield>
        <datafield tag="700" ind1=" " ind2="2">
            <subfield code="a">Ballard, J. G.</subfield>
            <subfield code="d">1930-2009</subfield>
            <subfield code="k">Short story</subfield>
            <subfield code="t">The waiting grounds</subfield>
            <subfield code="1">http://www.isfdb.org/cgi-bin/title.cgi?44455</subfield>
        </datafield>
        <datafield tag="700" ind1=" " ind2="2">
            <subfield code="a">Ballard, J. G.</subfield>
            <subfield code="d">1930-2009</subfield>
            <subfield code="k">Short story</subfield>
            <subfield code="t">The watch-towers</subfield>
            <subfield code="1">http://www.isfdb.org/cgi-bin/title.cgi?57635</subfield>
        </datafield>
        <datafield tag="700" ind1=" " ind2="2">
            <subfield code="a">Ballard, J. G.</subfield>
            <subfield code="d">1930-2009</subfield>
            <subfield code="k">Short story</subfield>
            <subfield code="t">Theatre of war</subfield>
            <subfield code="1">http://www.isfdb.org/cgi-bin/title.cgi?57627</subfield>
        </datafield>
        <datafield tag="700" ind1=" " ind2="2">
            <subfield code="a">Ballard, J. G.</subfield>
            <subfield code="d">1930-2009</subfield>
            <subfield code="k">Short story</subfield>
            <subfield code="t">Thirteen to Centaurus</subfield>
            <subfield code="1">http://www.isfdb.org/cgi-bin/title.cgi?57628</subfield>
        </datafield>
        <datafield tag="700" ind1=" " ind2="2">
            <subfield code="a">Ballard, J. G.</subfield>
            <subfield code="d">1930-2009</subfield>
            <subfield code="k">Short story</subfield>
            <subfield code="t">Time of passage</subfield>
            <subfield code="1">http://www.isfdb.org/cgi-bin/title.cgi?57630</subfield>
        </datafield>
        <datafield tag="700" ind1=" " ind2="2">
            <subfield code="a">Ballard, J. G.</subfield>
            <subfield code="d">1930-2009</subfield>
            <subfield code="k">Short story</subfield>
            <subfield code="t">Tomorrow is a million years</subfield>
            <subfield code="1">http://www.isfdb.org/cgi-bin/title.cgi?57631</subfield>
        </datafield>
        <datafield tag="700" ind1=" " ind2="2">
            <subfield code="a">Ballard, J. G.</subfield>
            <subfield code="d">1930-2009</subfield>
            <subfield code="k">Short story</subfield>
            <subfield code="t">Track 12</subfield>
            <subfield code="1">http://www.isfdb.org/cgi-bin/title.cgi?57632</subfield>
        </datafield>
        <datafield tag="700" ind1=" " ind2="2">
            <subfield code="a">Ballard, J. G.</subfield>
            <subfield code="d">1930-2009</subfield>
            <subfield code="k">Short story</subfield>
            <subfield code="t">Venus smiles</subfield>
            <subfield code="1">http://www.isfdb.org/cgi-bin/title.cgi?54219</subfield>
        </datafield>
        <datafield tag="700" ind1=" " ind2="2">
            <subfield code="a">Ballard, J. G.</subfield>
            <subfield code="d">1930-2009</subfield>
            <subfield code="k">Short story</subfield>
            <subfield code="t">War fever</subfield>
            <subfield code="1">http://www.isfdb.org/cgi-bin/title.cgi?48153</subfield>
        </datafield>
        <datafield tag="700" ind1=" " ind2="2">
            <subfield code="a">Ballard, J. G.</subfield>
            <subfield code="d">1930-2009</subfield>
            <subfield code="k">Short story</subfield>
            <subfield code="t">Why I want to fuck Ronald Reagan</subfield>
            <subfield code="1">http://www.isfdb.org/cgi-bin/title.cgi?1274485</subfield>
        </datafield>
        <datafield tag="700" ind1=" " ind2="2">
            <subfield code="a">Ballard, J. G.</subfield>
            <subfield code="d">1930-2009</subfield>
            <subfield code="k">Short story</subfield>
            <subfield code="t">Zodiac 2000</subfield>
            <subfield code="1">http://www.isfdb.org/cgi-bin/title.cgi?57636</subfield>
        </datafield>
        <datafield tag="700" ind1=" " ind2="2">
            <subfield code="a">Ballard, J. G.</subfield>
            <subfield code="d">1930-2009</subfield>
            <subfield code="k">Short story</subfield>
            <subfield code="t">Zone of terror</subfield>
            <subfield code="1">http://www.isfdb.org/cgi-bin/title.cgi?57637</subfield>
        </datafield>
    </record>