
    <!-- Chronopolis -->
    <record>
        <leader>02855cam a22004452a 4500</leader>
        <controlfield tag="001">011691312</controlfield>
        <controlfield tag="003">UkOxU</controlfield>
        <controlfield tag="005">19960816194307.0</controlfield>
        <controlfield tag="008">500101s1971    nyu           000 1 eng d</controlfield>
        <datafield tag="040" ind1=" " ind2=" ">
            <subfield code="a">DLC</subfield>
            <subfield code="c">DLC</subfield>
            <subfield code="d">EQO</subfield>
        </datafield>
        <datafield tag="050" ind1=" " ind2="0">
            <subfield code="a">PR6052.A46</subfield>
        </datafield>
        <datafield tag="050" ind1=" " ind2="0">
            <subfield code="a">PZ4.B1893</subfield>
            <subfield code="b">Ch</subfield>
        </datafield>
        <datafield tag="082" ind1=" " ind2=" ">
            <subfield code="a">823/.9/14</subfield>
        </datafield>
        <datafield tag="092" ind1=" " ind2=" ">
            <subfield code="a">D0503362948</subfield>
        </datafield>
        <datafield tag="100" ind1="1" ind2=" ">
            <subfield code="a">Ballard, J. G.</subfield>
            <subfield code="d">1930-2009</subfield>
            <subfield code="1">http://viaf.org/viaf/9842556</subfield>
            <subfield code="4">http://rdaregistry.info/Elements/w/object/P10061</subfield>
        </datafield>
        <datafield tag="245" ind1="0" ind2="0">
            <subfield code="a">Chronopolis, and other short stories</subfield>
            <subfield code="k">Collection</subfield>
            <subfield code="1">http://www.wikidata.org/entity/Q5114250</subfield>
        </datafield>
        <datafield tag="245" ind1="1" ind2="0">
            <subfield code="a">Chronopolis,</subfield>
            <subfield code="b">and other stories /</subfield>
            <subfield code="c">by J. G. Ballard</subfield>
        </datafield>
        <datafield tag="260" ind1=" " ind2=" ">
            <subfield code="a">New York :</subfield>
            <subfield code="b">Putnam,</subfield>
            <subfield code="c">[1971]</subfield>
        </datafield>
        <datafield tag="300" ind1=" " ind2=" ">
            <subfield code="a">319 pages</subfield>
            <subfield code="c">21 cm</subfield>
        </datafield>
        <datafield tag="336" ind1=" " ind2=" ">
            <subfield code="a">text</subfield>
            <subfield code="b">txt</subfield>
            <subfield code="2">rdacontent</subfield>
            <subfield code="0">http://rdaregistry.info/termList/RDAContentType/1020</subfield>
        </datafield>
        <datafield tag="337" ind1=" " ind2=" ">
            <subfield code="a">unmediated</subfield>
            <subfield code="b">n</subfield>
            <subfield code="2">rdamedia</subfield>
            <subfield code="0">http://rdaregistry.info/termList/RDAMediaType/1007</subfield>
        </datafield>
        <datafield tag="338" ind1=" " ind2=" ">
            <subfield code="a">volume</subfield>
            <subfield code="b">nc</subfield>
            <subfield code="2">rdacarrier</subfield>
            <subfield code="0">http://rdaregistry.info/termList/RDACarrierType/1049</subfield>
        </datafield>
        <datafield tag="380" ind1=" " ind2=" ">
            <subfield code="a">Fiction</subfield>
        </datafield>
        <datafield tag="505" ind1="0" ind2=" ">
            <subfield code="a">The voices of time -- The drowned giant.--The terminal beach.--Manhole 69.--Storm-bird, storm-dreamer.--The sound-sweep.--Billenium.--Chronopolis.--Build-up.--The garden of time.--End game.--The watchtowers.--Now wakes the sea.--Zone of terror.--The cage of sand.--Deep end</subfield>
        </datafield>
        <datafield tag="700" ind1="1" ind2="2">
            <subfield code="a">Ballard, J. G.</subfield>
            <subfield code="d">1930-2009</subfield>
            <subfield code="k">Short story</subfield>
            <subfield code="t">The voices of time</subfield>
            <subfield code="1">http://www.isfdb.org/cgi-bin/title.cgi?40816</subfield>
        </datafield>
        <datafield tag="700" ind1="1" ind2="2">
            <subfield code="a">Ballard, J. G.</subfield>
            <subfield code="d">1930-2009</subfield>
            <subfield code="k">Short story</subfield>
            <subfield code="t">The drowned giant</subfield>
            <subfield code="1">http://www.isfdb.org/cgi-bin/title.cgi?43949</subfield>
        </datafield>
        <datafield tag="700" ind1="1" ind2="2">
            <subfield code="a">Ballard, J. G.</subfield>
            <subfield code="d">1930-2009</subfield>
            <subfield code="k">Short story</subfield>
            <subfield code="t">The terminal beach</subfield>
            <subfield code="1">http://www.isfdb.org/cgi-bin/title.cgi?37126</subfield>
        </datafield>
        <datafield tag="700" ind1="1" ind2="2">
            <subfield code="a">Ballard, J. G.</subfield>
            <subfield code="d">1930-2009</subfield>
            <subfield code="k">Short story</subfield>
            <subfield code="t">Manhole 69</subfield>
            <subfield code="1">http://www.isfdb.org/cgi-bin/title.cgi?44454</subfield>
        </datafield>
        <datafield tag="700" ind1="1" ind2="2">
            <subfield code="a">Ballard, J. G.</subfield>
            <subfield code="d">1930-2009</subfield>
            <subfield code="k">Short story</subfield>
            <subfield code="t">Storm-bird, storm-dreamer</subfield>
            <subfield code="1">http://www.isfdb.org/cgi-bin/title.cgi?57625</subfield>
        </datafield>
        <datafield tag="700" ind1="1" ind2="2">
            <subfield code="a">Ballard, J. G.</subfield>
            <subfield code="d">1930-2009</subfield>
            <subfield code="k">Short story</subfield>
            <subfield code="t">The sound-sweep</subfield>
            <subfield code="1">http://www.isfdb.org/cgi-bin/title.cgi?44514</subfield>
        </datafield>
        <datafield tag="700" ind1="1" ind2="2">
            <subfield code="a">Ballard, J. G.</subfield>
            <subfield code="d">1930-2009</subfield>
            <subfield code="k">Short story</subfield>
            <subfield code="t">Billenium</subfield>
            <subfield code="1">http://www.isfdb.org/cgi-bin/title.cgi?65075</subfield>
        </datafield>
        <datafield tag="700" ind1="1" ind2="2">
            <subfield code="a">Ballard, J. G.</subfield>
            <subfield code="d">1930-2009</subfield>
            <subfield code="k">Short story</subfield>
            <subfield code="t">Chronopolis</subfield>
            <subfield code="1">http://www.isfdb.org/cgi-bin/title.cgi?41557</subfield>
        </datafield>
        <datafield tag="700" ind1="1" ind2="2">
            <subfield code="a">Ballard, J. G.</subfield>
            <subfield code="d">1930-2009</subfield>
            <subfield code="k">Short story</subfield>
            <subfield code="t">Build-up</subfield>
            <subfield code="1">http://www.isfdb.org/cgi-bin/title.cgi?44451</subfield>
        </datafield>
        <datafield tag="700" ind1="1" ind2="2">
            <subfield code="a">Ballard, J. G.</subfield>
            <subfield code="d">1930-2009</subfield>
            <subfield code="k">Short story</subfield>
            <subfield code="t">The garden of time</subfield>
            <subfield code="1">http://www.isfdb.org/cgi-bin/title.cgi?44458</subfield>
        </datafield>
        <datafield tag="700" ind1="1" ind2="2">
            <subfield code="a">Ballard, J. G.</subfield>
            <subfield code="d">1930-2009</subfield>
            <subfield code="k">Short story</subfield>
            <subfield code="t">End game</subfield>
            <subfield code="1">http://www.isfdb.org/cgi-bin/title.cgi?57586</subfield>
        </datafield>
        <datafield tag="700" ind1="1" ind2="2">
            <subfield code="a">Ballard, J. G.</subfield>
            <subfield code="d">1930-2009</subfield>
            <subfield code="k">Short story</subfield>
            <subfield code="t">The watchtowers</subfield>
            <subfield code="1">http://www.isfdb.org/cgi-bin/title.cgi?57635</subfield>
        </datafield>
        <datafield tag="700" ind1="1" ind2="2">
            <subfield code="a">Ballard, J. G.</subfield>
            <subfield code="d">1930-2009</subfield>
            <subfield code="k">Short story</subfield>
            <subfield code="t">Now wakes the sea</subfield>
            <subfield code="1">http://www.isfdb.org/cgi-bin/title.cgi?57610</subfield>
        </datafield>
        <datafield tag="700" ind1="1" ind2="2">
            <subfield code="a">Ballard, J. G.</subfield>
            <subfield code="d">1930-2009</subfield>
            <subfield code="k">Short story</subfield>
            <subfield code="t">Zone of terror</subfield>
            <subfield code="1">http://www.isfdb.org/cgi-bin/title.cgi?57637</subfield>
        </datafield>
        <datafield tag="700" ind1="1" ind2="2">
            <subfield code="a">Ballard, J. G.</subfield>
            <subfield code="d">1930-2009</subfield>
            <subfield code="k">Short story</subfield>
            <subfield code="t">The cage of sand</subfield>
            <subfield code="1">http://www.isfdb.org/cgi-bin/title.cgi?44123</subfield>
        </datafield>
        <datafield tag="700" ind1="1" ind2="2">
            <subfield code="a">Ballard, J. G.</subfield>
            <subfield code="d">1930-2009</subfield>
            <subfield code="k">Short story</subfield>
            <subfield code="t">Deep end</subfield>
            <subfield code="1">http://www.isfdb.org/cgi-bin/title.cgi?44457</subfield>
        </datafield>
        <datafield tag="650" ind1=" " ind2="0">
            <subfield code="a">Science fiction, English.</subfield>
        </datafield>
    </record>