
    <!-- Memories of the space age -->
    <record>
        <leader>01737caa a22002654i 4500</leader>
        <controlfield tag="001">009145814</controlfield>
        <controlfield tag="003">FI-MELINDA</controlfield>
        <controlfield tag="005">20210128125645.0</controlfield>
        <controlfield tag="008">960124s1987    xx |||||||||| ||||||||||c</controlfield>
        <datafield tag="100" ind1="1" ind2=" ">
            <subfield code="a">Ballard, J. G.</subfield>
            <subfield code="1">http://viaf.org/viaf/9842556</subfield>
            <subfield code="4">http://rdaregistry.info/Elements/w/object/P10061</subfield>
        </datafield>
        <datafield tag="240" ind1="0" ind2="0">
            <subfield code="a">Memories of the space age.</subfield>
            <subfield code="k">Collection</subfield>
            <subfield code="1">http://www.wikidata.org/entity/Q6815642</subfield>
        </datafield>
        <datafield tag="245" ind1="1" ind2="0">
            <subfield code="a">Memories of the space age.</subfield>
        </datafield>
        <datafield tag="264" ind1=" " ind2="1">
            <subfield code="a">London; New York</subfield>
            <subfield code="b">Penguin</subfield>
            <subfield code="c">1988</subfield>
        </datafield>
        <datafield tag="336" ind1=" " ind2=" ">
            <subfield code="a">tekst</subfield>
            <subfield code="0">http://rdaregistry.info/termList/RDAContentType/1020</subfield>
        </datafield>
        <datafield tag="337" ind1=" " ind2=" ">
            <subfield code="a">uformidlet</subfield>
            <subfield code="0">http://rdaregistry.info/termList/RDAMediaType/1007</subfield>
        </datafield>
        <datafield tag="338" ind1=" " ind2=" ">
            <subfield code="a">bind</subfield>
            <subfield code="0">http://rdaregistry.info/termList/RDACarrierType/1049</subfield>
        </datafield>
        <datafield tag="380" ind1=" " ind2=" ">
            <subfield code="a">Språkbasert verk</subfield>
            <subfield code="1">https://schema.nb.no/Bibliographic/Values/V1000</subfield>
        </datafield>
        <datafield tag="700" ind1=" " ind2="2">
            <subfield code="a">Ballard, J. G.</subfield>
            <subfield code="d">1930-2009</subfield>
            <subfield code="k">Short story</subfield>
            <subfield code="t">The Cage of Sand</subfield>
            <subfield code="1">http://www.isfdb.org/cgi-bin/title.cgi?44123</subfield>
        </datafield>
        <datafield tag="700" ind1=" " ind2="2">
            <subfield code="a">Ballard, J. G.</subfield>
            <subfield code="d">1930-2009</subfield>
            <subfield code="k">Short story</subfield>
            <subfield code="t">A Question of Re-entry</subfield>
            <subfield code="1">http://www.isfdb.org/cgi-bin/title.cgi?44460</subfield>
        </datafield>
        <datafield tag="700" ind1=" " ind2="2">
            <subfield code="a">Ballard, J. G.</subfield>
            <subfield code="d">1930-2009</subfield>
            <subfield code="k">Short story</subfield>
            <subfield code="t">The Dead Astronaut</subfield>
            <subfield code="1">http://www.isfdb.org/cgi-bin/title.cgi?57583</subfield>
        </datafield>
        <datafield tag="700" ind1=" " ind2="2">
            <subfield code="a">Ballard, J. G.</subfield>
            <subfield code="d">1930-2009</subfield>
            <subfield code="k">Short story</subfield>
            <subfield code="t">My Dream of Flying to Wake Island</subfield>
            <subfield code="1">http://www.isfdb.org/cgi-bin/title.cgi?57607</subfield>
        </datafield>
        <datafield tag="700" ind1=" " ind2="2">
            <subfield code="a">Ballard, J. G.</subfield>
            <subfield code="d">1930-2009</subfield>
            <subfield code="k">Short story</subfield>
            <subfield code="t">News from the Sun</subfield>
            <subfield code="1">http://www.isfdb.org/cgi-bin/title.cgi?57608</subfield>
        </datafield>
        <datafield tag="700" ind1=" " ind2="2">
            <subfield code="a">Ballard, J. G.</subfield>
            <subfield code="d">1930-2009</subfield>
            <subfield code="k">Short story</subfield>
            <subfield code="t">Memories of the Space Age</subfield>
            <subfield code="1">http://www.isfdb.org/cgi-bin/title.cgi?45330</subfield>
        </datafield>
        <datafield tag="700" ind1=" " ind2="2">
            <subfield code="a">Ballard, J. G.</subfield>
            <subfield code="d">1930-2009</subfield>
            <subfield code="k">Short story</subfield>
            <subfield code="t">Myths of the Near Future</subfield>
            <subfield code="1">http://www.isfdb.org/cgi-bin/title.cgi?49122</subfield>
        </datafield>
        <datafield tag="700" ind1=" " ind2="2">
            <subfield code="a">Ballard, J. G.</subfield>
            <subfield code="d">1930-2009</subfield>
            <subfield code="k">Short story</subfield>
            <subfield code="t">The Man Who Walked on the Moon</subfield>
            <subfield code="1">http://www.isfdb.org/cgi-bin/title.cgi?46455</subfield>
        </datafield>
        <datafield tag="773" ind1="0" ind2=" ">
            <subfield code="7">nnam</subfield>
            <subfield code="w">(FI-MELINDA)000013510</subfield>
            <subfield code="t">The Penguin book of modern British short stories. -</subfield>
            <subfield code="b">[New ed.]. -</subfield>
            <subfield code="d">London ; New York : Penguin, 1988. -</subfield>
            <subfield code="z">0-14-006306-4</subfield>
        </datafield>
    </record>