
    <!-- The day of forever -->
    <record>
        <leader>00883 am a2200253uu 4500</leader>
        <controlfield tag="001">009937949</controlfield>
        <controlfield tag="003">UK</controlfield>
        <controlfield tag="005">20181221190800.0</controlfield>
        <controlfield tag="008">020122s1967    xxk    ||     000 1|eng  </controlfield>
        <datafield tag="015" ind1=" " ind2=" ">
            <subfield code="a">GB6717647</subfield>
            <subfield code="2">bnb</subfield>
        </datafield>
        <datafield tag="019" ind1="1" ind2=" ">
            <subfield code="a">def400714</subfield>
        </datafield>
        <datafield tag="019" ind1="9" ind2=" ">
            <subfield code="a">b6717647</subfield>
        </datafield>
        <datafield tag="019" ind1="y" ind2=" ">
            <subfield code="a">B6717647</subfield>
        </datafield>
        <datafield tag="040" ind1=" " ind2=" ">
            <subfield code="a">Uk</subfield>
            <subfield code="c">Uk</subfield>
        </datafield>
        <datafield tag="082" ind1="0" ind2="4">
            <subfield code="a">823.91</subfield>
            <subfield code="2">18</subfield>
        </datafield>
        <datafield tag="100" ind1="1" ind2=" ">
            <subfield code="a">Ballard, J. G.</subfield>
            <subfield code="d">1930-2009</subfield>
            <subfield code="1">http://viaf.org/viaf/9842556</subfield>
            <subfield code="4">http://rdaregistry.info/Elements/w/object/P10061</subfield>
        </datafield>
        <datafield tag="240" ind1="1" ind2="0">
            <subfield code="a">The day of forever</subfield>
            <subfield code="k">Collection</subfield>
            <subfield code="1">http://viaf.org/viaf/307992426</subfield>
        </datafield>
        <datafield tag="245" ind1="1" ind2="4">
            <subfield code="a">The day of forever.</subfield>
        </datafield>
        <datafield tag="264" ind1=" " ind2="1">
            <subfield code="b">Panther,</subfield>
            <subfield code="c">1967.</subfield>
        </datafield>
        <datafield tag="300" ind1=" " ind2=" ">
            <subfield code="a">141 pages ;</subfield>
            <subfield code="c">18 cm</subfield>
        </datafield>
        <datafield tag="336" ind1=" " ind2=" ">
            <subfield code="a">text</subfield>
            <subfield code="2">rdacontent</subfield>
            <subfield code="0">http://rdaregistry.info/termList/RDAContentType/1020</subfield>
        </datafield>
        <datafield tag="337" ind1=" " ind2=" ">
            <subfield code="a">unmediated</subfield>
            <subfield code="2">rdamedia</subfield>
            <subfield code="0">http://rdaregistry.info/termList/RDAMediaType/1007</subfield>
        </datafield>
        <datafield tag="338" ind1=" " ind2=" ">
            <subfield code="a">volume</subfield>
            <subfield code="2">rdacarrier</subfield>
            <subfield code="0">http://rdaregistry.info/termList/RDACarrierType/1049</subfield>
        </datafield>
        <datafield tag="380" ind1=" " ind2=" ">
            <subfield code="a">Fiction</subfield>
        </datafield>
        <datafield tag="505" ind1=" " ind2=" ">
            <subfield code="a">The Day of Forever -- Prisoner of the Coral Deep -- Tomorrow is a Million Years -- The Man on the 99th Floor --
                The Waiting Grounds -- The Last World of Mr Goddard -- The Gentle Assassin -- The Sudden Afternoon -- The Insane Ones -- 
                The Assassination of John Fitzgerald Kennedy Considered as a Downhill Motor Race</subfield>
        </datafield>
        <datafield tag="700" ind1=" " ind2="2">
            <subfield code="a">Ballard, J. G.</subfield>
            <subfield code="d">1930-2009</subfield>
            <subfield code="k">Short story</subfield>
            <subfield code="t">The day of forever</subfield>
            <subfield code="1">http://www.isfdb.org/cgi-bin/title.cgi?57582</subfield>
        </datafield>
        <datafield tag="700" ind1=" " ind2="2">
            <subfield code="a">Ballard, J. G.</subfield>
            <subfield code="d">1930-2009</subfield>
            <subfield code="k">Short story</subfield>
            <subfield code="t">Prisoner of the coral deep</subfield>
            <subfield code="1">http://www.isfdb.org/cgi-bin/title.cgi?57617</subfield>
        </datafield>
        <datafield tag="700" ind1=" " ind2="2">
            <subfield code="a">Ballard, J. G.</subfield>
            <subfield code="d">1930-2009</subfield>
            <subfield code="k">Short story</subfield>
            <subfield code="t">Tomorrow is a million years</subfield>
            <subfield code="1">http://www.isfdb.org/cgi-bin/title.cgi?57631</subfield>
        </datafield>
        <datafield tag="700" ind1=" " ind2="2">
            <subfield code="a">Ballard, J. G.</subfield>
            <subfield code="d">1930-2009</subfield>
            <subfield code="k">Short story</subfield>
            <subfield code="t">The man on the 99th floor</subfield>
            <subfield code="1">http://www.isfdb.org/cgi-bin/title.cgi?57603</subfield>
        </datafield>
        <datafield tag="700" ind1=" " ind2="2">
            <subfield code="a">Ballard, J. G.</subfield>
            <subfield code="d">1930-2009</subfield>
            <subfield code="k">Short story</subfield>
            <subfield code="t">The waiting grounds</subfield>
            <subfield code="1">http://www.isfdb.org/cgi-bin/title.cgi?44455</subfield>
        </datafield>
        <datafield tag="700" ind1=" " ind2="2">
            <subfield code="a">Ballard, J. G.</subfield>
            <subfield code="d">1930-2009</subfield>
            <subfield code="k">Short story</subfield>
            <subfield code="t">The Last World of Mr Goddard</subfield>
            <subfield code="1">https://www.isfdb.org/cgi-bin/title.cgi?57598</subfield>
        </datafield>
        <datafield tag="700" ind1=" " ind2="2">
            <subfield code="a">Ballard, J. G.</subfield>
            <subfield code="d">1930-2009</subfield>
            <subfield code="k">Short story</subfield>
            <subfield code="t">The gentle assassin</subfield>
            <subfield code="1">http://www.isfdb.org/cgi-bin/title.cgi?57587</subfield>
        </datafield>
        <datafield tag="700" ind1=" " ind2="2">
            <subfield code="a">Ballard, J. G.</subfield>
            <subfield code="d">1930-2009</subfield>
            <subfield code="k">Short story</subfield>
            <subfield code="t">The sudden afternoon</subfield>
            <subfield code="1">http://www.isfdb.org/cgi-bin/title.cgi?57626</subfield>
        </datafield>
        <datafield tag="700" ind1=" " ind2="2">
            <subfield code="a">Ballard, J. G.</subfield>
            <subfield code="d">1930-2009</subfield>
            <subfield code="k">Short story</subfield>
            <subfield code="t">The insane ones</subfield>
            <subfield code="1">http://www.isfdb.org/cgi-bin/title.cgi?41280</subfield>
        </datafield>
        <datafield tag="700" ind1=" " ind2="2">
            <subfield code="a">Ballard, J. G.</subfield>
            <subfield code="d">1930-2009</subfield>
            <subfield code="k">Short story</subfield>
            <subfield code="t">The assassination of John Fitzgerald Kennedy considered as a downhill motor race</subfield>
            <subfield code="1">http://www.isfdb.org/cgi-bin/title.cgi?57579</subfield>
        </datafield>
    </record>