
    <!-- Various random collections -->
    <record>
        <leader>00882nam a22001815a 4500</leader>
        <controlfield tag="001">017878414</controlfield>
        <controlfield tag="003">UkOxU</controlfield>
        <controlfield tag="005">20111101162108.0</controlfield>
        <controlfield tag="008">111101s1969    enk           ||| | eng d</controlfield>
        <datafield tag="240" ind1="0" ind2="4">
            <subfield code="a">The inner landscape</subfield>
            <subfield code="k">Collection</subfield>
            <subfield code="1">http://example.com/innerlandscape</subfield>
        </datafield>
        <datafield tag="245" ind1="0" ind2="4">
            <subfield code="a">The inner landscape /</subfield>
            <subfield code="c">Mervyn Peake, J. G. Ballard, Brian W. Aldiss.</subfield>
        </datafield>
        <datafield tag="260" ind1=" " ind2=" ">
            <subfield code="a">London :</subfield>
            <subfield code="b">Allison and Busby,</subfield>
            <subfield code="c">1969.</subfield>
        </datafield>
        <datafield tag="336" ind1=" " ind2=" ">
            <subfield code="a">tekst</subfield>
            <subfield code="0">http://rdaregistry.info/termList/RDAContentType/1020</subfield>
        </datafield>
        <datafield tag="337" ind1=" " ind2=" ">
            <subfield code="a">uformidlet</subfield>
            <subfield code="0">http://rdaregistry.info/termList/RDAMediaType/1007</subfield>
        </datafield>
        <datafield tag="338" ind1=" " ind2=" ">
            <subfield code="a">bind</subfield>
            <subfield code="0">http://rdaregistry.info/termList/RDACarrierType/1049</subfield>
        </datafield>
        <datafield tag="380" ind1=" " ind2=" ">
            <subfield code="a">Språkbasert verk</subfield>
            <subfield code="1">https://schema.nb.no/Bibliographic/Values/V1000</subfield>
        </datafield>
        <datafield tag="505" ind1=" " ind2=" ">
            <subfield code="a">Danger, Religion! / Aldiss, Brian W. -- The voices of time / Ballard, J. G. -- Boy in darkness / Peake, Mervyn Laurence</subfield>
            <subfield code="1">https://schema.nb.no/Bibliographic/Values/V1000</subfield>
        </datafield>
        <datafield tag="700" ind1="1" ind2="2">
            <subfield code="a">Aldiss, Brian W.</subfield>
            <subfield code="d">1925-</subfield>
            <subfield code="1">http://viaf.org/viaf/2465493</subfield>
            <subfield code="4">http://rdaregistry.info/Elements/w/object/P10061</subfield>
            <subfield code="8">1/c</subfield>
        </datafield>
        <datafield tag="700" ind1="1" ind2=" ">
            <subfield code="a">Aldiss, Brian W.</subfield>
            <subfield code="d">1925-</subfield>
            <subfield code="k">Short story</subfield>
            <subfield code="t">Danger, Religion!</subfield>
            <subfield code="1">http://viaf.org/viaf/183421260</subfield>
            <subfield code="8">1/c</subfield>
        </datafield>
        <datafield tag="700" ind1="1" ind2="2">
            <subfield code="a">Ballard, J. G.</subfield>
            <subfield code="d">1930-2009</subfield>
            <subfield code="t">The voices of time</subfield>
            <subfield code="1">http://viaf.org/viaf/311471559</subfield>
        </datafield>
        <datafield tag="700" ind1="1" ind2=" ">
            <subfield code="a">Peake, Mervyn Laurence</subfield>
            <subfield code="d">1911-1968</subfield>
            <subfield code="1">http://viaf.org/viaf/24606270</subfield>
            <subfield code="4">http://rdaregistry.info/Elements/w/object/P10061</subfield>
            <subfield code="8">2/c</subfield>
        </datafield>
        <datafield tag="700" ind1="1" ind2="2">
            <subfield code="a">Peake, Mervyn Laurence</subfield>
            <subfield code="d">1911-1968</subfield>
            <subfield code="t">Boy in darkness</subfield>
            <subfield code="1">http://viaf.org/viaf/309308512</subfield>
            <subfield code="8">2/c</subfield>
        </datafield>
    </record>
</collection>
